@article{lauer2020incubation,
  title={{The incubation period of coronavirus disease 2019 (COVID-19) from publicly reported confirmed cases: estimation and application}},
  author={Lauer, Stephen A and Grantz, Kyra H and Bi, Qifang and Jones, Forrest K and Zheng, Qulu and Meredith, Hannah R and Azman, Andrew S and Reich, Nicholas G and Lessler, Justin},
  journal={Annals of internal medicine},
  volume={172},
  number={9},
  pages={577--582},
  year={2020},
  publisher={American College of Physicians}
}

@article{verity2020estimates,
  title={Estimates of the severity of coronavirus disease 2019: a model-based analysis},
  author={Verity, Robert and Okell, Lucy C and Dorigatti, Ilaria and Winskill, Peter and Whittaker, Charles and Imai, Natsuko and Cuomo-Dannenburg, Gina and Thompson, Hayley and Walker, Patrick GT and Fu, Han and others},
  journal={The Lancet infectious diseases},
  volume={20},
  number={6},
  pages={669--677},
  year={2020},
  publisher={Elsevier}
}
